@article{jointdnn,
	title={{JointDNN}: an efficient training and inference engine for intelligent mobile  cloud computing services},
	author={A. E. Eshratifar and M. S. Abrishami and M. Pedram},
	journal={arXiv preprint arXiv:1801.08618},
	year={2018}
}

@article{neurosurgeon,
	author = {Kang, Yiping and Hauswald, Johann and Gao, Cao and Rovinski, Austin and Mudge, Trevor and Mars, Jason and Tang, Lingjia},
	title = {Neurosurgeon: Collaborative Intelligence Between the Cloud and Mobile Edge},
	year = {2017},
	issue_date = {March 2017},
	publisher = {Association for Computing Machinery},
	address = {New York, NY, USA},
	volume = {45},
	number = {1},
	issn = {0163-5964},
	url = {https://doi.org/10.1145/3093337.3037698},
	doi = {10.1145/3093337.3037698},
	journal = {SIGARCH Comput. Archit. News},
	month = apr,
	pages = {615–629},
	numpages = {15},
	keywords = {mobile computing, cloud computing, deep neural networks, intelligent applications}
}

@article{liu2012tensor,
	title={Tensor completion for estimating missing values in visual data},
	author={Liu, Ji and Musialski, Przemyslaw and Wonka, Peter and Ye, Jieping},
	journal={IEEE transactions on pattern analysis and machine intelligence},
	volume={35},
	number={1},
	pages={208--220},
	year={2012},
	publisher={IEEE}
}


@ARTICLE{9017944,
	author={L. {Bragilevsky} and I. V.Baji{\'c}},
	journal={IEEE Access}, 
	title={Tensor Completion Methods for Collaborative Intelligence}, 
	year={2020},
	volume={8},
	number={},
	pages={41162-41174},
	
	ISSN={2169-3536},
	month={},}

@article{unnibhavi2018dfts,
	title={DFTS: Deep feature transmission simulator},
	author={Unnibhavi, Harshavardhan and Choi, Hyomin and Alvar, Saeed Ranjbar and Baji{\'c}, Ivan V},
	year={2018}
}

@inproceedings{YOLO2,
  title={{YOLO9000:} Better, Faster, Stronger},
  author={J. Redmon and A. Farhadi},
  booktitle={Proc. IEEE CVPR'17},
  year={2017},
  month={Jul.},
  pages={6517-6525}
}

@article{ioffe2015batch,
  title={Batch normalization: Accelerating deep network training by reducing internal covariate shift},
  author={S. Ioffe and C. Szegedy},
  journal={arXiv preprint arXiv:1502.03167},
  year={2015}
}

@inproceedings{charbonnier1994two,
  title={Two deterministic half-quadratic regularization algorithms for computed imaging},
  author={P. Charbonnier and L. Blanc-Feraud and G. Aubert and M. Barlaud},
  booktitle={Proc. IEEE ICIP'94},
  year={1994},
  organizer={IEEE}
}

@article{vgg16,
  title={Very deep convolutional networks for large-scale image recognition},
  author={K. Simonyan, A. Zisserman},
  journal={arXiv preprint arXiv:1409.1556},
  year={2014}
}



@book{Goodfellow-et-al-2016,
    title={Deep Learning},
    author={G. Ian and B. Yoshua and C. Aaron},
    publisher={MIT Press},
    year={2016}
}


@article {hevc,
	Author={G. J. Sullivan and J.-R. Ohm and W.-J. Han and T. Wiegand},
	Title={Overview of the High Efficiency Video Coding {(HEVC)} standard},
	Year={2012},
	journal={IEEE Trans. Circuits Syst. Video Technol.},
	volume={22},
	number={12},
	pages={1649-1668},
}

@article{flynn2016overview,
  title={Overview of the range extensions for the {HEVC} standard: Tools, profiles, and performance},
  author={D. Flynn and D. Marpe and M. Naccari and T. Nguyen and C. Rosewarne and K. Sharman and J. Sole and J. Xu},
  journal={IEEE Trans. Circuits Syst. Video Technol.},
  volume={26},
  number={1},
  pages={4-19},
  year={2016},
  publisher={IEEE}
}


@misc{HM16.12,
	title = {{HEVC} reference software ({HM} 16.12)},
	howpublished = {\url{https://hevc.hhi.fraunhofer.de/trac/hevc/browser/tags/HM-16.12}},
	note = {Accessed: 2017-05-27},
	key={JCT-VC}
}

@inproceedings {hevc_ctc,
	author={F. Bossen},
	title={Common {HM} test conditions and software reference configurations},
	booktitle={ISO/IEC JTC1/SC29 WG11 {m28412}, {JCTVC-L1100}},
	year={2013},
	month={Jan.}
}

@inproceedings{10.1117/12.2538738,
	author = {Weiqian Wang and Ping An and Chao Yang and Xinpeng Huang},
	title = {{Intermediate deep-feature compression for multitasking}},
	volume = {11187},
	booktitle = {Optoelectronic Imaging and Multimedia Technology VI},
	editor = {Qionghai Dai and Tsutomu Shimura and Zhenrong Zheng},
	organization = {International Society for Optics and Photonics},
	publisher = {SPIE},
	pages = {206 -- 212},
	year = {2019},
	doi = {10.1117/12.2538738},
	URL = {https://doi.org/10.1117/12.2538738}
}

@INPROCEEDINGS{8803110,
	author={S. R. {Alvar} and I. V. Baji{\'c}},
	booktitle={2019 IEEE International Conference on Image Processing (ICIP)}, 
	title={Multi-Task Learning with Compressible Features for Collaborative Intelligence}, 
	year={2019},
	volume={},
	number={},
	pages={1705-1709},
	doi={10.1109/ICIP.2019.8803110},
	ISSN={2381-8549},
	month={Sep.},}

@article{alvar2020bit,
	title={Bit Allocation for Multi-Task Collaborative Intelligence},
	author={Alvar, Saeed Ranjbar and Baji{\'c}, Ivan V},
	journal={arXiv preprint arXiv:2002.07048},
	year={2020}
}

@inproceedings{choi2018deep,
	title={Deep feature compression for collaborative object detection},
	author={Choi, Hyomin and Baji{\'c}, Ivan V},
	booktitle={2018 25th IEEE International Conference on Image Processing (ICIP)},
	pages={3743--3747},
	year={2018},
	organization={IEEE}
}

@inproceedings{choi2020back,
	title={Back-and-Forth prediction for deep tensor compression},
	author={Choi, Hyomin and Cohen, Robert A and Baji{\'c}, Ivan V},
	booktitle={ICASSP 2020-2020 IEEE International Conference on Acoustics, Speech and Signal Processing (ICASSP)},
	pages={4467--4471},
	year={2020},
	organization={IEEE}
}




@INPROCEEDINGS{8451100,
	author={H. {Choi} and I. V. {Bajić}},
	booktitle={2018 25th IEEE International Conference on Image Processing (ICIP)}, 
	title={Deep Feature Compression for Collaborative Object Detection}, 
	year={2018},
	volume={},
	number={},
	pages={3743-3747},
	doi={10.1109/ICIP.2018.8451100},
	ISSN={2381-8549},
	month={Oct},}


@online{tfv2,
	title = {Effective Tensorflow 2},
	date = {2020},
	url = {https://www.tensorflow.org/guide/effective_tf2},
	OPTnote = {[Accessed 1 October 2020]},
	OPTorganization = {TensorFlow},
	OPTaddendum = {addendum},
	OPTpubstate = {pubstate},
	OPTurldate = {1 October 2020},
}


@INPROCEEDINGS{5755057,	
	author={G. {Hasslinger} and O. {Hohlfeld}},
	booktitle={14th GI/ITG Conference - Measurement, Modelling and Evalutation of Computer and Communication Systems}, 
	title={The Gilbert-Elliott Model for Packet Loss in Real Time Services on the Internet}, 
	year={2008},
	volume={},
	number={},
	pages={1-15},
}
