
@inproceedings{YOLO2,
  title={{YOLO9000:} Better, Faster, Stronger},
  author={J. Redmon and A. Farhadi},
  booktitle={Proc. IEEE CVPR'17},
  year={2017},
  month={Jul.},
  pages={6517-6525}
}

@article{ioffe2015batch,
  title={Batch normalization: Accelerating deep network training by reducing internal covariate shift},
  author={S. Ioffe and C. Szegedy},
  journal={arXiv preprint arXiv:1502.03167},
  year={2015}
}

@inproceedings{charbonnier1994two,
  title={Two deterministic half-quadratic regularization algorithms for computed imaging},
  author={P. Charbonnier and L. Blanc-Feraud and G. Aubert and M. Barlaud},
  booktitle={Proc. IEEE ICIP'94},
  year={1994},
  organizer={IEEE}
}

@article{vgg16,
  title={Very deep convolutional networks for large-scale image recognition},
  author={K. Simonyan, A. Zisserman},
  journal={arXiv preprint arXiv:1409.1556},
  year={2014}
}

@article{jointdnn,
  title={{JointDNN}: an efficient training and inference engine for intelligent mobile  cloud computing services},
  author={A. E. Eshratifar and M. S. Abrishami and M. Pedram},
  journal={arXiv preprint arXiv:1801.08618},
  year={2018}
}


@book{Goodfellow-et-al-2016,
    title={Deep Learning},
    author={G. Ian and B. Yoshua and C. Aaron},
    publisher={MIT Press},
    year={2016}
}


@article {hevc,
	Author={G. J. Sullivan and J.-R. Ohm and W.-J. Han and T. Wiegand},
	Title={Overview of the High Efficiency Video Coding {(HEVC)} standard},
	Year={2012},
	journal={IEEE Trans. Circuits Syst. Video Technol.},
	volume={22},
	number={12},
	pages={1649-1668},
}

@article{flynn2016overview,
  title={Overview of the range extensions for the {HEVC} standard: Tools, profiles, and performance},
  author={D. Flynn and D. Marpe and M. Naccari and T. Nguyen and C. Rosewarne and K. Sharman and J. Sole and J. Xu},
  journal={IEEE Trans. Circuits Syst. Video Technol.},
  volume={26},
  number={1},
  pages={4-19},
  year={2016},
  publisher={IEEE}
}


@misc{HM16.12,
	title = {{HEVC} reference software ({HM} 16.12)},
	howpublished = {\url{https://hevc.hhi.fraunhofer.de/trac/hevc/browser/tags/HM-16.12}},
	note = {Accessed: 2017-05-27},
	key={JCT-VC}
}

@inproceedings {hevc_ctc,
	author={F. Bossen},
	title={Common {HM} test conditions and software reference configurations},
	booktitle={ISO/IEC JTC1/SC29 WG11 {m28412}, {JCTVC-L1100}},
	year={2013},
	month={Jan.}
}